<record><leader>01620cam a2200409Ii 45 0</leader><controlfield tag="001">6679085</controlfield><controlfield tag="003">OCoLC</controlfield><controlfield tag="005">20150616162134.0</controlfield><controlfield tag="008">141217s2015    onc      bq   000 0 eng  </controlfield><datafield ind1=" " ind2=" " tag="016"><subfield code="a">20149084943</subfield></datafield><datafield ind1=" " ind2=" " tag="020"><subfield code="a">9781442649484 (bound)</subfield></datafield><datafield ind1=" " ind2=" " tag="020"><subfield code="a">1442649488 (bound)</subfield></datafield><datafield ind1=" " ind2=" " tag="020"><subfield code="a">9781442626836 (pbk.)</subfield></datafield><datafield ind1=" " ind2=" " tag="020"><subfield code="a">1442626836 (pbk.)</subfield></datafield><datafield ind1=" " ind2=" " tag="035"><subfield code="a">ocn879584161</subfield></datafield><datafield ind1=" " ind2=" " tag="040"><subfield code="a">NLC</subfield><subfield code="b">eng</subfield><subfield code="e">rda</subfield><subfield code="c">NLC</subfield><subfield code="d">YDXCP</subfield><subfield code="d">BTCTA</subfield><subfield code="d">BDX</subfield><subfield code="d">ERASA</subfield><subfield code="d">OCLCO</subfield><subfield code="d">CDX</subfield><subfield code="d">LTSCA</subfield><subfield code="d">EYM</subfield><subfield code="d">AGPC</subfield></datafield><datafield ind1=" " ind2="4" tag="050"><subfield code="a">PN1995.9.I457</subfield><subfield code="b">I53 2015</subfield></datafield><datafield ind1=" " ind2="0" tag="055"><subfield code="a">PN1995.9 I457</subfield><subfield code="b">I54 2015</subfield></datafield><datafield ind1="0" ind2="4" tag="082"><subfield code="a">791.4309</subfield><subfield code="2">23</subfield></datafield><datafield ind1=" " ind2=" " tag="090"><subfield code="a">PN 1995.67 A1 I53 2015</subfield><subfield code="b">ARDC</subfield></datafield><datafield ind1=" " ind2=" " tag="090"><subfield code="a">PN 1995.9 I457 I53 2015</subfield><subfield code="b">AGPC</subfield></datafield><datafield ind1="0" ind2="0" tag="245"><subfield code="a">Independent filmmaking around the globe /</subfield><subfield code="c">edited by Doris Baltruschat and Mary P. Erickson.</subfield></datafield><datafield ind1=" " ind2="1" tag="264"><subfield code="a">Toronto :</subfield><subfield code="b">University of Toronto Press,</subfield><subfield code="c">2015.</subfield></datafield><datafield ind1=" " ind2="4" tag="264"><subfield code="c">&#169;2015</subfield></datafield><datafield ind1=" " ind2=" " tag="300"><subfield code="a">xii, 313 pages ;</subfield><subfield code="c">24 cm.</subfield></datafield><datafield ind1=" " ind2=" " tag="336"><subfield code="a">text</subfield><subfield code="b">txt</subfield><subfield code="2">rdacontent</subfield></datafield><datafield ind1=" " ind2=" " tag="337"><subfield code="a">unmediated</subfield><subfield code="b">n</subfield><subfield code="2">rdamedia</subfield></datafield><datafield ind1=" " ind2=" " tag="338"><subfield code="a">volume</subfield><subfield code="b">nc</subfield><subfield code="2">rdacarrier</subfield></datafield><datafield ind1=" " ind2=" " tag="504"><subfield code="a">Includes bibliographical references (pages 282-308) and filmography (pages 275-281).</subfield></datafield><datafield ind1=" " ind2=" " tag="596"><subfield code="a">28 35</subfield></datafield><datafield ind1=" " ind2="0" tag="650"><subfield code="a">Independent films</subfield><subfield code="x">Production and direction.</subfield></datafield><datafield ind1=" " ind2="0" tag="650"><subfield code="a">Independent films</subfield><subfield code="x">History and criticism.</subfield></datafield><datafield ind1=" " ind2="0" tag="650"><subfield code="a">Motion picture producers and directors.</subfield></datafield><datafield ind1="1" ind2=" " tag="700"><subfield code="a">Erickson, Mary,</subfield><subfield code="d">1977-</subfield><subfield code="e">author,</subfield><subfield code="e">editor.</subfield></datafield><datafield ind1="1" ind2=" " tag="700"><subfield code="a">Baltruschat, Doris,</subfield><subfield code="e">author,</subfield><subfield code="e">editor.</subfield></datafield><datafield ind1=" " ind2=" " tag="926"><subfield code="a">PN 1995.9 I457 I53 2015</subfield><subfield code="w">LC</subfield><subfield code="c">1</subfield><subfield code="i">31847001275400</subfield><subfield code="l">ON_SHELF</subfield><subfield code="m">GPRC_GP</subfield><subfield code="p">$150.00</subfield><subfield code="r">Y</subfield><subfield code="s">Y</subfield><subfield code="t">BOOK</subfield><subfield code="u">9/18/2014</subfield></datafield><datafield ind1=" " ind2=" " tag="926"><subfield code="a">PN 1995.67 A1 I53 2015</subfield><subfield code="w">LC</subfield><subfield code="c">1</subfield><subfield code="i">30125302473854</subfield><subfield code="l">FLOOR_2</subfield><subfield code="m">RED_DEER_C</subfield><subfield code="r">Y</subfield><subfield code="s">Y</subfield><subfield code="t">BOOK</subfield><subfield code="u">3/10/2016</subfield></datafield></record>